<collection xmlns="http://www.loc.gov/MARC21/slim">
<record>
  <leader>01473nam0a2200301 i 450 </leader>
  <controlfield tag="001">IT\ICCU\CNCE\040287</controlfield>
  <controlfield tag="005">20070807000000.0</controlfield>
  <datafield tag="012" ind1=" " ind2=" ">
    <subfield code="a">t.m: i.I. mou- tuut (3) 1520 (Q)</subfield>
    <subfield code="2">fei</subfield>
  </datafield>
  <datafield tag="100" ind1=" " ind2=" ">
    <subfield code="a">19981117f1520        0itac0103    ba</subfield>
  </datafield>
  <datafield tag="101" ind1=" " ind2=" ">
    <subfield code="a">LAT</subfield>
  </datafield>
  <datafield tag="102" ind1=" " ind2=" ">
    <subfield code="a">IT</subfield>
  </datafield>
  <datafield tag="200" ind1="1" ind2=" ">
    <subfield code="a">Priuilegia Fratrum Mendicantium sacri ordinis obseruantiae diui Hieronymi</subfield>
  </datafield>
  <datafield tag="210" ind1=" " ind2=" ">
    <subfield code="d">\1520!</subfield>
  </datafield>
  <datafield tag="215" ind1=" " ind2=" ">
    <subfield code="a">\18!, 56 c.</subfield>
    <subfield code="c">ill.</subfield>
    <subfield code="d"> 4ʻ</subfield>
  </datafield>
  <datafield tag="300" ind1=" " ind2=" ">
    <subfield code="a">Stampata probabilmente a Venezia da Guglielmo da Fontaneto; per il tipografo e la data cfr.: D.E. Rhodes,  Studies in Early italian printing, p. 27</subfield>
  </datafield>
  <datafield tag="620" ind1=" " ind2=" ">
    <subfield code="a">IT</subfield>
    <subfield code="d">Venezia</subfield>
  </datafield>
  <datafield tag="710" ind1="0" ind2="2">
    <subfield code="a">Eremiti di S. Girolamo di Fiesole</subfield>
    <subfield code="3">11088</subfield>
  </datafield>
  <datafield tag="712" ind1="0" ind2="2">
    <subfield code="a">Guglielmo da Fontaneto</subfield>
    <subfield code="3">IT\ICCU\CNCT\000318</subfield>
    <subfield code="4">650</subfield>
  </datafield>
  <datafield tag="791" ind1="0" ind2="2">
    <subfield code="a">Fratres mendicantes Ordinis diui Hieronymi</subfield>
    <subfield code="3">15514</subfield>
    <subfield code="z">Eremiti di S. Girolamo di Fiesole</subfield>
  </datafield>
  <datafield tag="791" ind1="0" ind2="2">
    <subfield code="a">Ordo monachorum eremitarum diui Hieronymi</subfield>
    <subfield code="3">15515</subfield>
    <subfield code="z">Eremiti di S. Girolamo di Fiesole</subfield>
  </datafield>
  <datafield tag="791" ind1="0" ind2="0">
    <subfield code="a">Fontaneto, Guglielmo da</subfield>
    <subfield code="3">IT\ICCU\CNCT\003159</subfield>
    <subfield code="z">Guglielmo da Fontaneto</subfield>
  </datafield>
  <datafield tag="791" ind1="0" ind2="2">
    <subfield code="a">Guglielmo da Monferrato</subfield>
    <subfield code="3">IT\ICCU\CNCT\003625</subfield>
    <subfield code="z">Guglielmo da Fontaneto</subfield>
  </datafield>
  <datafield tag="791" ind1="0" ind2="2">
    <subfield code="a">Gulielmus de Monteferrato</subfield>
    <subfield code="3">IT\ICCU\CNCT\005083</subfield>
    <subfield code="z">Guglielmo da Fontaneto</subfield>
  </datafield>
  <datafield tag="791" ind1="0" ind2="2">
    <subfield code="a">Guilielmus Fontanetensis</subfield>
    <subfield code="3">IT\ICCU\CNCT\005084</subfield>
    <subfield code="z">Guglielmo da Fontaneto</subfield>
  </datafield>
  <datafield tag="801" ind1=" " ind2="3">
    <subfield code="a">IT</subfield>
    <subfield code="b">ICCU</subfield>
    <subfield code="c">20201114</subfield>
  </datafield>
  <datafield tag="899" ind1=" " ind2=" ">
    <subfield code="a">Biblioteca comunale Classense. Ravenna</subfield>
    <subfield code="1">RA0036</subfield>
    <subfield code="2">RAV CL</subfield>
  </datafield>
  <datafield tag="899" ind1=" " ind2=" ">
    <subfield code="a">Biblioteca universitaria Alessandrina. Roma</subfield>
    <subfield code="1">RM0280</subfield>
    <subfield code="2">RML 01</subfield>
  </datafield>
  <datafield tag="899" ind1=" " ind2=" ">
    <subfield code="a">British Library. London</subfield>
    <subfield code="1">UK0001</subfield>
  </datafield>
</record>
</collection>
